@inproceedings{6033365,
  author={W. {Cukierski} and B. {Hamner} and B. {Yang}},
  booktitle={The 2011 International Joint Conference on Neural Networks},
  title={Graph-based features for supervised link prediction},
  year={2011},
  volume={},
  number={},
  pages={1237-1244}
}

@misc{rozemberczki2019multiscale,
  title={Multi-scale Attributed Node Embedding},
  author={Benedek Rozemberczki and Carl Allen and Rik Sarkar},
  year={2019},
  eprint={1909.13021},
  archivePrefix={arXiv},
  primaryClass={cs.LG}
}

@misc{sadraei,
  title={Link Prediction Algorithms}, 
  url={http://be.amazd.com/link-prediction/}, 
  year={2014},
  journal={Link Prediction Algorithms}, 
  author={Sadraei, Ahmad}
} 